@article{西村 正治2012,
  title={アクティブノイズコントロールの現状},
  author={西村 正治},
  journal={計測と制御},
  volume={51},
  number={12},
  pages={1105-1109},
  year={2012},
  doi={10.11499/sicejl.51.1105}
}